<?xml version="1.0" encoding="UTF-8"?><collection xmlns="http://www.loc.gov/MARC21/slim"><record><leader>00396nam--2200133-i-4500</leader><controlfield tag="001">000045896</controlfield><controlfield tag="002">20161230</controlfield><controlfield tag="005">20161230201045</controlfield><controlfield tag="008">060222s1000------------r-----000-0-eng-d</controlfield><datafield ind1=" " ind2=" " tag="080"><subfield code="a">621.039.322.2</subfield></datafield><datafield ind1=" " ind2=" " tag="100"><subfield code="a">Vasaru,Gh</subfield></datafield><datafield ind1=" " ind2=" " tag="245"><subfield code="a">Contributii teoretice si experimentale relativ la studiul termodifuziei in amestecuri izotopice gazoase.teza</subfield></datafield><datafield ind1=" " ind2=" " tag="260"><subfield code="a">Bucuresti, Ifa, 1968. 189 P</subfield></datafield><datafield ind1=" " ind2=" " tag="852"><subfield code="a">33047</subfield></datafield></record></collection>